@misc{puente-uriona2023,
  title = {In Preparation},
  author = {{Puente-Uriona}, {\'A}lvaro R.},
  year = {2023},
  number = {--},
  eprint = {--},
  eprinttype = {arxiv},
  primaryclass = {--},
  publisher = {{arXiv}},
}